% This file was created with JabRef 2.7.2.
% Encoding: Cp1252

@BOOK{Alm94,
  title = {Highly Parallel Computing},
  publisher = {Benjamin - Cummings Publishing Company Inc.},
  year = {1994},
  author = {George Almasi and Allan Gottlieb},
  file = {:C\:\\Users\\cristian\\Desktop\\Dissertação\\AAReferencias\\Highly Parallel Computing.txt:Text}
}

@PHDTHESIS{Amo06,
  author = {Michele Amoretti},
  title = {Peer-to-peer based grid architectures},
  school = {Università Degli Studi Di Parma},
  year = {2006},
  month = {Janeiro}
}

@BOOK{Beg94,
  title = {PVM: Parallel Virtual Machine: User's Guide and tutorial for Networked
	Parallel Computing},
  publisher = {MIT Press},
  year = {1994},
  author = {Beguelin, A. and Gueist, A. and Dongarra, J. and Jiang, W. and Manchek,
	R. and Sunderam, V.},
  file = {:C\:\\Users\\cristian\\Desktop\\Dissertação\\AAReferencias\\PVM - Parallel Virtual Machine - Varios Autores.pdf:PDF}
}

@ARTICLE{Bla99,
  author = {Jock A. Blackard and Denis J. Dean},
  title = {Comparative Accuracies of Artificial Neural Networks and Discriminant
	Analysis in Predicting Forest Cover Types From Cartographic Variables},
  journal = {Computers and Electronics in Agriculture},
  year = {1999},
  volume = {24},
  pages = {131-151},
  file = {:C\:\\Users\\cristian\\Desktop\\Dissertação\\AAReferencias\\Comparative Accuracies of Artificial Neural Networks and Discriminant Analysis in Predicting Forest Cover Types from Cartographic Variables - BlackardDean.pdf:PDF},
  owner = {cristian}
}

@MANUAL{Wek10,
  title = {WEKA Manual for Version 3-6-4},
  author = {Remco R. Bouckaert and Eibe Frank and Mark Hall and Richard Kirkby
	and Peter Reutemann and Alex Seewald and David Scuse},
  organization = {University of Waikato, Hamilton, New Zealand},
  address = {Hamilton, New Zealand},
  month = {Dezembro},
  year = {2010},
  file = {:C\:\\Users\\cristian\\Desktop\\Dissertação\\AAReferencias\\WekaManual-3-6-4.pdf:PDF},
  owner = {cristian},
  timestamp = {2013.02.27}
}

@BOOK{Bra07,
  title = {Redes Neurais Artificiais: Teoria e Aplicações},
  publisher = {LTC},
  year = {2007},
  author = {Antônio Pádua Braga and Teresa Bernarda Ludermir and André Carlos
	Ponce de Leon Ferreira Carvalho},
  address = {Rio de Janeiro, RJ},
  file = {:C\:\\Users\\cristian\\Desktop\\Dissertação\\AAReferencias\\Redes Enurais Artificiais - Teoria e Aplicação.txt:Text},
  owner = {cristian},
  timestamp = {2013.03.20}
}

@ARTICLE{Bur94,
  author = {Burns, G. and Daoud, R. and Vaigl, J.},
  title = {LAM: An Open Cluster Environment for MPI},
  journal = {In Proceedings of Supercomputing Symposium},
  year = {1994},
  pages = {379-386},
  file = {:C\:\\Users\\cristian\\Desktop\\Dissertação\\AAReferencias\\LAM - An Open Cluster - Varios Autores.pdf:PDF}
}

@ARTICLE{Cha07,
  author = {César S. Chagas and Carlos A. O. Vieira and Elpídio I. Fernandes
	Filho and Waldir de C. Júnior},
  title = {Utilização de Redes Neurais Artificiais na Classificação de Níveis
	de Degradação em Pastagens},
  journal = {Revista Brasileira de Engenharia Agrícola e Ambiental},
  year = {2009},
  volume = {13},
  pages = {319 - 327},
  number = {3},
  file = {:C\:\\Users\\cristian\\Desktop\\Dissertação\\AAReferencias\\Utilização de redes neurais artificiais na classificação de níveis de degradação de pastagens.pdf:PDF},
  owner = {cristian},
  timestamp = {2013.03.20}
}

@INPROCEEDINGS{Lei07,
  author = {Lei Chai and Qi Gao and Dhabaleswar K. Panda},
  title = {Understanding the Impact of Multi-Core Architecture in Cluster Computing:
	A Case Study with Intel Dual-Core System},
  booktitle = {Seventh IEEE International Symposium on Cluster Computing and the
	Grid, 2007. CCGRID 2007},
  year = {2007},
  pages = {471 - 478},
  month = {Maio},
  file = {:C\:\\Users\\cristian\\Desktop\\Dissertação\\AAReferencias\\Understanding the Impact of Multi-Core Architecture in Cluster Computing A Case Study with Intel Dual-Core System.pdf:PDF},
  owner = {cristian},
  timestamp = {2013.02.27}
}

@BOOK{Geo88,
  title = {Distributed Systems Concepts and Design},
  publisher = {Addison-Wesley Longman Publishing Co., Inc.},
  year = {1988},
  author = {George Coulouris and Jean Dollimore and Tim Kindberg and Gordon Blair},
  address = {Boston, MA, USA},
  edition = {5},
  file = {:C\:\\Users\\cristian\\Desktop\\Dissertação\\AAReferencias\\Distributed Systems Concepts and Design - Varios Autores.pdf:PDF},
  owner = {cristian},
  timestamp = {2013.03.22}
}

@INPROCEEDINGS{Dam12,
  author = {Fábio Vinicius Freitas Damiati and Márcio Augusto de Souza and Luciano
	José Senger},
  title = {Avaliação de Desempenho Computacional da Mineração de Dados Pluviométricos
	com a Utilização de Computação Paralela},
  booktitle = {2 Encontro Anual de Iniciação Tecnológica e Inovação},
  year = {2012},
  editor = {Universidade Estadual de Maringá},
  publisher = {ANAIS DO 21º EAIC},
  file = {:C\:\\Users\\cristian\\Desktop\\Dissertação\\AAReferencias\\AVALIAÇÃO DE DESEMPENHO COMPUTACIONAL.pdf:PDF},
  owner = {cristian},
  timestamp = {2013.03.19}
}

@ARTICLE{Moh06,
  author = {Mohammed El-Telbany and Mahmound Warda and Mahmound El-Borahy},
  title = {Mining the Classification Rules for Egyptian Rice Diseases},
  journal = {The International Arab Journal of Information Technology},
  year = {2006},
  volume = {3},
  pages = {303 - 306},
  file = {:C\:\\Users\\cristian\\Desktop\\Dissertação\\AAReferencias\\Mining the Classification Rules for Egyptian Rice Diseases.pdf:PDF},
  owner = {cristian},
  timestamp = {2013.03.20}
}

@BOOK{Fay96,
  title = {Advances in Knowledge Discovery and Data Mining},
  publisher = {American Association for Artificial Intelligence},
  year = {1996},
  author = {Usama M. Fayyad and Gregory Piatetsky-Shapiro and Padhraic Smyth
	and Ramasamy Uthurusamy},
  address = {Menlo Park, CA, USA},
  file = {:C\:\\Users\\cristian\\Desktop\\Dissertação\\AAReferencias\\Advances in Knowledge Discovery and Data Mining - Fayyad.txt:Text},
  owner = {cristian},
  timestamp = {2013.02.18}
}

@BOOK{Gra02,
  title = {Mastering Jxta: Building Java Peer-to-Peer Applications},
  publisher = {John Wiley \& Sons, Inc.},
  year = {2002},
  author = {Gradecki, Joseph D.},
  address = {New York, NY, USA},
  edition = {1st},
  file = {:C\:\\Users\\cristian\\Desktop\\Dissertação\\AAReferencias\\Mastering Jxta Building Java Peer-to-Peer Applications.pdf:PDF}
}

@PHDTHESIS{Ala05,
	title = {Mastering Jxta: Building Java Peer-to-Peer Applications},
  publisher = {John Wiley \& Sons, Inc.},
  year = {2002},
  author = {Gradecki, Joseph D.},
  address = {New York, NY, USA},
  edition = {1st},
  file = {:C\:\\Users\\cristian\\Desktop\\Dissertação\\AAReferencias\\Mastering Jxta Building Java Peer-to-Peer Applications.pdf:PDF}

}

@MANUAL{Wek09,
  title = {The WEKA Data Mining Software},
  author = {Mark Hall and Eibe Frank and Geoffrey Holmes and Bernhard Pfahringer
	and Peter Reutemann and Ian H. Witten},
  edition = {11},
  year = {2009},
  file = {:C\:\\Users\\cristian\\Desktop\\Dissertação\\AAReferencias\\Site Weka.txt:Text},
  owner = {cristian},
  timestamp = {2013.02.26}
}

@INPROCEEDINGS{Hau05,
  author = {Hauswirth, M. and Schmidt, R. },
  title = {An overlay network for resource discovery in grids},
  booktitle = {Proceedings of Sixteenth Workshop on Database and Expert Systems
	Applications, 2005},
  year = {2005},
  pages = {343--348},
  month = {August},
  citeulike-article-id = {867144},
  file = {:C\:\\Users\\cristian\\Desktop\\Dissertação\\AAReferencias\\An Overlay Network for Resource Discovery in Grids.pdf:PDF},
  journal = {Proceedings of Sixteenth Workshop on Database and Expert Systems
	Applications, 2005}
}

@BOOK{Hay98,
  title = {Neural Networks: A Comprehensive Foundation},
  publisher = {Prentice Hall PTR},
  year = {1998},
  author = {Simon Haykin},
  address = {Upper Saddle River, NJ, USA},
  edition = {2nd},
  file = {:C\:\\Users\\cristian\\Desktop\\Dissertação\\AAReferencias\\Neural Networks - A Comprehensive Foundation - Simon Haykin.pdf:PDF},
  isbn = {0132733501}
}

@BOOK{Hen12,
  title = {Computer architecture: A Quantitative Approach},
  publisher = {Elsevier Science \& Technology Books},
  year = {2012},
  author = {John Hennessy and David Patterson},
  pages = {856},
  series = {The Morgan Kaufmann Series in Computer Architecture and Design Series},
  file = {:C\:\\Users\\cristian\\Desktop\\Dissertação\\AAReferencias\\Computer architecture - A Quantitative Approach.pdf:PDF}
}

@INPROCEEDINGS{Koh95,
  author = {Ron Kohavi},
  title = {A Study of Cross-Validation and Bootstrap for Accuracy Estimation
	and Model Selection},
  booktitle = {Proceedings of the 14th international joint conference on Artificial
	intelligence - Volume 2},
  year = {1995},
  series = {IJCAI'95},
  pages = {1137--1143},
  address = {San Francisco, CA, USA},
  publisher = {Morgan Kaufmann Publishers Inc.},
  file = {:C\:\\Users\\cristian\\Desktop\\Dissertação\\AAReferencias\\A Study of Cross-Validation and Bootstrap for Accuracy Estimation and Model Selection - Varios Autores.pdf:PDF},
  location = {Montreal, Quebec, Canada},
  numpages = {7}
}

@BOOK{Tan09,
  title = {Introdução ao Data Mining - Mineração de Dados},
  publisher = {Ciência Moderna Ltda},
  year = {2009},
  author = {Kumar, V. and Steinbach, M. and Tan, P.N. and Fernandes, A.},
  address = {Rio de Janeiro},
  file = {:C\:\\Users\\cristian\\Desktop\\Dissertação\\AAReferencias\\Introdução ao Data Mining - Mineração de Dados.txt:Text},
  isbn = {9788573937619}
}

@BOOK{Joa11,
  title = {Análise Estatística com o SPSS Statistics},
  publisher = {ReportNumber, Lda},
  year = {2011},
  author = {João Maroco},
  edition = {5},
  file = {:C\:\\Users\\cristian\\Desktop\\Dissertação\\AAReferencias\\Google Books.txt:Text},
  owner = {cristian},
  timestamp = {2013.02.28}
}

@BOOK{Ant09,
  title = {Data Mining in Agriculture},
  publisher = {Springer Publishing Company},
  year = {2009},
  author = {Antonio Mucherino and Petraq J. Papajorgji and Panos M. Pardalos},
  edition = {1},
  file = {:C\:\\Users\\cristian\\Desktop\\Dissertação\\AAReferencias\\Data Mining in Agriculture.pdf:PDF},
  owner = {cristian},
  timestamp = {2013.02.18}
}

@BOOK{Pet09,
  title = {Software Engineering Techniques Applied to Agricultural Systems:
	An Object-Oriented and UML Approach},
  publisher = {Springer-Verlag},
  year = {2009},
  author = {Petraq J. Papajorgji and Panos M. Pardalos},
  pages = {264},
  address = {Berlin, Heidelberg},
  file = {:C\:\\Users\\cristian\\Desktop\\Dissertação\\AAReferencias\\Software Engineering Techniques Applied to Agricultural Systems - Petraq J. Papajorgji, Panos M. Pardalos.pdf:PDF},
  owner = {cristian},
  timestamp = {2013.03.04}
}

@INPROCEEDINGS{Dul02,
  author = {Dulcinéia Oliveira Penha and João Batista Torres Corrêa and Carlos
	Augusto Paiva S. Martins},
  title = {Análise Comparativa do Uso de Multi-Thread e OpenMP Aplicados a Operações
	de Convolução de Imagem},
  booktitle = {3º Workshop em Sistemas Computacionais de Alto Desempenho},
  year = {2002},
  address = {Vitória - ES},
  file = {:C\:\\Users\\cristian\\Desktop\\Dissertação\\AAReferencias\\Análise Comparativa do Uso de Multi-Thread e OpenMP.pdf:PDF},
  owner = {cristian},
  timestamp = {2013.03.22}
}

@MASTERSTHESIS{Pes09,
  author = {Alex Sandro Aguiar Pessoa},
  title = {Mineração de Dados Meteorológicos Pela Teoria dos Conjuntos Aproximativos
	na Previsão de Clima por Redes Neurais Artificiais},
  school = {Instituto Nacional de Pesquisas Espaciais},
  year = {2009},
  address = {São José dos Campos, SP},
  file = {:C\:\\Users\\cristian\\Desktop\\Dissertação\\AAReferencias\\Mineração de Dados Meteorológicos - Alex Sandro Aguiar Pessoa.pdf:PDF},
  owner = {cristian},
  timestamp = {2013.03.20}
}

@ARTICLE{Pim09,
  author = {A Pimenta and P Valentim and D Santos and M Neto},
  title = {WEKA - G: Mineração de Dados Paralela em Grades Computacionais},
  journal = {Revista de Sistemas de Informação da FSMA},
  year = {2009},
  volume = {4},
  pages = {2 - 9},
  file = {:C\:\\Users\\cristian\\Desktop\\Dissertação\\AAReferencias\\Weka - G Mineração de Dados Paralela em Grades Computacionais.pdf:PDF},
  owner = {cristian},
  timestamp = {2013.04.05}
}

@BOOK{Qui94,
  title = {Parallel Computing: Theory and Practice},
  publisher = {MCGraw Hill},
  year = {1994},
  author = {M. J. Quinn}
}

@BOOK{Rrr08,
  title = {R: A Language and Environment for Statistical Computing},
  publisher = {R Foundation for Statistical Computing},
  year = {2010},
  author = {Development Core Team R},
  pages = {1731},
  address = {Vienna, Austria},
  file = {:C\:\\Users\\cristian\\Desktop\\Dissertação\\AAReferencias\\R-A language and environment for statistical computing.pdf:PDF},
  owner = {cristian},
  timestamp = {2013.02.06}
}

@TECHREPORT{Ran06,
  author = {R. Ranjan and A. Harwood and R. Buyya},
  title = {A Study on Peer-to-Peer Based Discovery of Grid Resource Information},
  institution = {Departament of Computer Science and Software Engineering, University
	of Melbourne},
  year = {2006},
  month = {Dezembro },
  file = {:C\:\\Users\\cristian\\Desktop\\Dissertação\\AAReferencias\\A Study on Peer-to-Peer Based Discovery of Grid Resource Information.pdf:PDF}
}

@BOOK{Tho10,
  title = {Parallel Programming For Multicore and Cluster Systems},
  publisher = {Springer},
  year = {2010},
  author = {Thomas Rauber and Gudula Runger},
  file = {:C\:\\Users\\cristian\\Desktop\\Dissertação\\AAReferencias\\Parallel Programming for Multicore and Cluster Systems.pdf:PDF},
  owner = {cristian},
  timestamp = {2013.03.01}
}

@BOOK{Sch88,
  title = {Statistics: Concepts and Applications},
  publisher = {Benjamin-Cummings Publishing Co., Inc.},
  year = {1988},
  editor = {Schefler, W. C.},
  author = {Schefler, W. C.},
  address = {Redwood City, CA, USA},
  file = {:C\:\\Users\\cristian\\Desktop\\Dissertação\\AAReferencias\\Statistics concepts and applications - Schefler.txt:Text},
  owner = {cristian},
  timestamp = {2012.12.07}
}

@PHDTHESIS{Sen04,
  author = {Luciano José Senger},
  title = {Escalonamento de processos: uma abordagem dinâmica e incremental
	para a exploração de características de aplicações paralelas.},
  school = {Instituto de Ciências Matemáticas e de Computação},
  year = {2004},
  address = {São Carlos},
  file = {:C\:\\Users\\cristian\\Desktop\\Dissertação\\AAReferencias\\Escalonamento de processos - Luciano José Senger.pdf:PDF},
  pages = {236}
}

@INPROCEEDINGS{Sen11,
  author = {Luciano José Senger and Márcio Augusto Souza and Dierone Cesar Junior
	Foltran},
  title = {Towards a Peer-to-Peer Framework for Parallel and Distributed Computing},
  booktitle = {Computer Architecture and High Performance Computing (SBAC-PAD),
	2010 22nd International Symposium on},
  year = {2011},
  file = {:C\:\\Users\\cristian\\Desktop\\Dissertação\\AAReferencias\\Towards a peer-to-peer framewok for parallel and distributed computing - Luciano José senger.PDF:PDF},
  owner = {cristian}
}

@INPROCEEDINGS{Sou11,
	
author = {Luciano José Senger and Márcio Augusto Souza and Dierone Cesar Junior
	Foltran},
  title = {Towards a Peer-to-Peer Framework for Parallel and Distributed Computing},
  booktitle = {Computer Architecture and High Performance Computing (SBAC-PAD),
	2010 22nd International Symposium on},
  year = {2011},
  file = {:C\:\\Users\\cristian\\Desktop\\Dissertação\\AAReferencias\\Towards a peer-to-peer framewok for parallel and distributed computing - Luciano José senger.PDF:PDF},
  owner = {cristian}

}

@ARTICLE{Sun94,
  author = {V. S. Sunderam and G. A. Geist and J. Dongarra and R. Manchek},
  title = {The PVM Concurrent Computing System: Evolution, Experiences and Trends},
  journal = {Parallel Computing},
  year = {1994},
  volume = {20},
  pages = {531--545},
  file = {:C\:\\Users\\cristian\\Desktop\\Dissertação\\AAReferencias\\The PVM Concurrent Computing System Evolution, Experiences and Trends.pdf:PDF}
}

@ARTICLE{Tal08,
  author = {Talia, Domenico and Trunfio, Paolo and Verta, Oreste},
  title = {The Weka4WS Framework for Distributed Data Mining in Service-Oriented
	Grids},
  journal = {Concurrency and Computation: Practice \& Experience},
  year = {2008},
  volume = {20},
  pages = {1933 - 1951},
  number = {16},
  month = {nov},
  file = {:C\:\\Users\\cristian\\Desktop\\Dissertação\\AAReferencias\\The Weka4WS framework for distributed data mining in service-oriented  Grids.pdf:PDF},
  owner = {cristian},
  timestamp = {2013.04.05}
}

@BOOK{Ver08,
  title = {Practical JXTA: Cracking the P2P puzzle},
  publisher = {Lulu},
  year = {2008},
  author = {Jérôme Verstrynge},
  file = {:C\:\\Users\\cristian\\Desktop\\Dissertação\\AAReferencias\\Practical JXTA - Cracking the P2P puzzle.txt:Text}
}

@BOOK{Wil04,
  title = {Parallel Programming: Techniques and Applications using networked
	workstations and parallel computers},
  publisher = {Pearson/Prentice Hall},
  year = {2004},
  author = {Barry Wilkinson and Michael Allen},
  address = {Upper Saddle River},
  file = {:C\:\\Users\\cristian\\Desktop\\Dissertação\\AAReferencias\\Parallel Programming Techniques and Applications using networked workstations and parallel computers.txt:Text}
}

@BOOK{Wit11,
  title = {Data Mining: Practical Machine Learning Tools and Techniques},
  publisher = {Morgan Kaufmann Publishers Inc.},
  year = {2011},
  author = {Witten, Ian H. and Frank, Eibe and Hall, Mark A.},
  address = {Amsterdam, MA},
  edition = {3},
  file = {:C\:\\Users\\cristian\\Desktop\\Dissertação\\AAReferencias\\Data Mining - Practical Machine Learning Tools and Techniques 3rd Edition-Mantesh.pdf:PDF},
  howpublished = {Paperback}
}

